@Article{ meshsurvey,
	title = "A Survey on Wireless Mesh Networks",
	author = "Ian F. Akyildiz and Xudong Wang",
	journal = "IEEE Radio Communications",
	pages = "23--30",
	month = "Steptember",
	year = "2005"
}

@Article{ routing_performance,
	title = "Performance Analysis of On-Demand Routing Protocols in Wireless Mesh
Networks",
	author = "Arafatur Rahman and Saiful Azad and Farhat Anwar",
	journal = "Informatica Economic\u{a}",
	volume = "13",
	number = "2",
	year = "2009"
}

@TechReport{ madhoc,
	title = "The Madhoc Metropolitan Adhoc
Network Simulator",
	author = "Luc Hogie and Frederic Guinand and Pascal Bouvry",
	institution = "Le Havre University",
	year = "2005"
}

@TechReport{ swans,
	title = "SWANS - Scalable Wireless Ad hoc Network Simulator User Guide",
	author = "Rimon Barr",
	year = "2004"
}

@Article{ realistic_urban_sim,
	title = "Realistic Simulation of Urban Mesh Networks
",
	author = "Vinay Sridhara and Stephan Bohacek",
	journal = "Computer Networks and ISDN Systems - CN",
	pages = "3392--3412",
	volume = "51",
	number = "12",
	year = "2007"
}

@Inproceedings{ glomosim,
    author = {Xiang Zeng and Rajive Bagrodia and Mario Gerla},
    title = {{GloMoSim: A Library for Parallel Simulation of Large-scale Wireless Networks}},
    booktitle = {in Workshop on Parallel and Distributed Simulation},
    year = {1998},
    pages = {154--161}
}

@misc{ns2,
    author = {Mccanne, S. and Floyd, S. and Fall, K.},
    howpublished = {http://www-nrg.ee.lbl.gov/ns/},
    title = {{ns2 (network simulator 2)}},
    url = {http://www-nrg.ee.lbl.gov/ns}
}
